% Encoding: UTF-8

@MastersThesis{Bouxin_PDM,
  author = {A. Bouxin},
  title =  {Phasor diversity to measure the static aberrations of an optical system},
  school = {HEIG-VD},
  year =   {2017}
}

@Book{ODFIS_Riedl2001,
  title =     {Opical Design Fundamentals for Infrared Systems},
  publisher = {SPIE Press},
  year =      {2001},
  author =    {Max J. Riedl},
  editor =    {Arthur R. Weeks,Jr.},
  volume =    {TT48},
  edition =   {2},
  review =    {P.86}
}

@TechReport{pigtailedLaserDiode,
  author =      {Thorlabs},
  title =       {Pigtailed Laser Diode, SMF},
  institution = {Thorlabs},
  year =        {2013},
  url =         {https://www.thorlabs.com/drawings/fabda6a9d8d9b5b7-79C310DF-0190-CACC-15060261B06DD1E8/LPS-635-FC-SpecSheet.pdf}
}

